%YAML 1.1
%TAG !u! tag:unity3d.com,2011:
--- !u!1 &1566197357
GameObject:
  m_ObjectHideFlags: 0
  m_CorrespondingSourceObject: {fileID: 0}
  m_PrefabInstance: {fileID: 0}
  m_PrefabAsset: {fileID: 0}
  serializedVersion: 6
  m_Component:
  - component: {fileID: 1566197361}
  - component: {fileID: 1566197360}
  - component: {fileID: 1566197359}
  - component: {fileID: 1566197358}
  m_Layer: 0
  m_Name: HubCollider
  m_TagString: hub
  m_Icon: {fileID: 0}
  m_NavMeshLayer: 0
  m_StaticEditorFlags: 0
  m_IsActive: 1
--- !u!4 &1566197361
Transform:
  m_ObjectHideFlags: 0
  m_CorrespondingSourceObject: {fileID: 0}
  m_PrefabInstance: {fileID: 0}
  m_PrefabAsset: {fileID: 0}
  m_GameObject: {fileID: 1566197357}
  m_LocalRotation: {x: -0, y: -0, z: -0, w: 1}
  m_LocalPosition: {x: 0, y: 0, z: 0}
  m_LocalScale: {x: 1, y: 1, z: 1}
  m_Children: []
  m_Father: {fileID: 1825662378984744140}
  m_RootOrder: 1
  m_LocalEulerAnglesHint: {x: 0, y: 0, z: 0}
--- !u!33 &1566197360
MeshFilter:
  m_ObjectHideFlags: 0
  m_CorrespondingSourceObject: {fileID: 0}
  m_PrefabInstance: {fileID: 0}
  m_PrefabAsset: {fileID: 0}
  m_GameObject: {fileID: 1566197357}
  m_Mesh: {fileID: 10207, guid: 0000000000000000e000000000000000, type: 0}
--- !u!23 &1566197359
MeshRenderer:
  m_ObjectHideFlags: 0
  m_CorrespondingSourceObject: {fileID: 0}
  m_PrefabInstance: {fileID: 0}
  m_PrefabAsset: {fileID: 0}
  m_GameObject: {fileID: 1566197357}
  m_Enabled: 0
  m_CastShadows: 1
  m_ReceiveShadows: 1
  m_DynamicOccludee: 1
  m_MotionVectors: 1
  m_LightProbeUsage: 1
  m_ReflectionProbeUsage: 1
  m_RayTracingMode: 2
  m_RayTraceProcedural: 0
  m_RenderingLayerMask: 1
  m_RendererPriority: 0
  m_Materials:
  - {fileID: 10303, guid: 0000000000000000f000000000000000, type: 0}
  m_StaticBatchInfo:
    firstSubMesh: 0
    subMeshCount: 0
  m_StaticBatchRoot: {fileID: 0}
  m_ProbeAnchor: {fileID: 0}
  m_LightProbeVolumeOverride: {fileID: 0}
  m_ScaleInLightmap: 1
  m_ReceiveGI: 1
  m_PreserveUVs: 0
  m_IgnoreNormalsForChartDetection: 0
  m_ImportantGI: 0
  m_StitchLightmapSeams: 1
  m_SelectedEditorRenderState: 3
  m_MinimumChartSize: 4
  m_AutoUVMaxDistance: 0.5
  m_AutoUVMaxAngle: 89
  m_LightmapParameters: {fileID: 0}
  m_SortingLayerID: 0
  m_SortingLayer: 0
  m_SortingOrder: 0
  m_AdditionalVertexStreams: {fileID: 0}
--- !u!135 &1566197358
SphereCollider:
  m_ObjectHideFlags: 0
  m_CorrespondingSourceObject: {fileID: 0}
  m_PrefabInstance: {fileID: 0}
  m_PrefabAsset: {fileID: 0}
  m_GameObject: {fileID: 1566197357}
  m_Material: {fileID: 0}
  m_IsTrigger: 1
  m_Enabled: 1
  serializedVersion: 2
  m_Radius: 1.6
  m_Center: {x: 0, y: 0, z: 0}
--- !u!1 &7855023105707445525
GameObject:
  m_ObjectHideFlags: 0
  m_CorrespondingSourceObject: {fileID: 0}
  m_PrefabInstance: {fileID: 0}
  m_PrefabAsset: {fileID: 0}
  serializedVersion: 6
  m_Component:
  - component: {fileID: 1825662378984744140}
  m_Layer: 0
  m_Name: PF_Hub
  m_TagString: Untagged
  m_Icon: {fileID: 0}
  m_NavMeshLayer: 0
  m_StaticEditorFlags: 0
  m_IsActive: 1
--- !u!4 &1825662378984744140
Transform:
  m_ObjectHideFlags: 0
  m_CorrespondingSourceObject: {fileID: 0}
  m_PrefabInstance: {fileID: 0}
  m_PrefabAsset: {fileID: 0}
  m_GameObject: {fileID: 7855023105707445525}
  m_LocalRotation: {x: 0, y: 0, z: 0, w: 1}
  m_LocalPosition: {x: 0, y: 0, z: 0}
  m_LocalScale: {x: 1, y: 1, z: 1}
  m_Children:
  - {fileID: 2501562709201316874}
  - {fileID: 1566197361}
  - {fileID: 2249099273400234471}
  m_Father: {fileID: 0}
  m_RootOrder: 0
  m_LocalEulerAnglesHint: {x: 0, y: 0, z: 0}
--- !u!1001 &1037802291
PrefabInstance:
  m_ObjectHideFlags: 0
  serializedVersion: 2
  m_Modification:
    m_TransformParent: {fileID: 1825662378984744140}
    m_Modifications:
    - target: {fileID: 2249099272639720148, guid: 6765f00f128c9bcffa8f272bb77cf82b, type: 3}
      propertyPath: m_RootOrder
      value: 2
      objectReference: {fileID: 0}
    - target: {fileID: 2249099272639720148, guid: 6765f00f128c9bcffa8f272bb77cf82b, type: 3}
      propertyPath: m_LocalPosition.x
      value: 0.455
      objectReference: {fileID: 0}
    - target: {fileID: 2249099272639720148, guid: 6765f00f128c9bcffa8f272bb77cf82b, type: 3}
      propertyPath: m_LocalPosition.y
      value: 0.054
      objectReference: {fileID: 0}
    - target: {fileID: 2249099272639720148, guid: 6765f00f128c9bcffa8f272bb77cf82b, type: 3}
      propertyPath: m_LocalPosition.z
      value: 0.399
      objectReference: {fileID: 0}
    - target: {fileID: 2249099272639720148, guid: 6765f00f128c9bcffa8f272bb77cf82b, type: 3}
      propertyPath: m_LocalRotation.w
      value: 1
      objectReference: {fileID: 0}
    - target: {fileID: 2249099272639720148, guid: 6765f00f128c9bcffa8f272bb77cf82b, type: 3}
      propertyPath: m_LocalRotation.x
      value: -0
      objectReference: {fileID: 0}
    - target: {fileID: 2249099272639720148, guid: 6765f00f128c9bcffa8f272bb77cf82b, type: 3}
      propertyPath: m_LocalRotation.y
      value: -0
      objectReference: {fileID: 0}
    - target: {fileID: 2249099272639720148, guid: 6765f00f128c9bcffa8f272bb77cf82b, type: 3}
      propertyPath: m_LocalRotation.z
      value: -0
      objectReference: {fileID: 0}
    - target: {fileID: 2249099272639720148, guid: 6765f00f128c9bcffa8f272bb77cf82b, type: 3}
      propertyPath: m_LocalEulerAnglesHint.x
      value: 0
      objectReference: {fileID: 0}
    - target: {fileID: 2249099272639720148, guid: 6765f00f128c9bcffa8f272bb77cf82b, type: 3}
      propertyPath: m_LocalEulerAnglesHint.y
      value: 0
      objectReference: {fileID: 0}
    - target: {fileID: 2249099272639720148, guid: 6765f00f128c9bcffa8f272bb77cf82b, type: 3}
      propertyPath: m_LocalEulerAnglesHint.z
      value: 0
      objectReference: {fileID: 0}
    - target: {fileID: 4082060647690656782, guid: 6765f00f128c9bcffa8f272bb77cf82b, type: 3}
      propertyPath: m_Name
      value: PF_BallSpawner
      objectReference: {fileID: 0}
    m_RemovedComponents: []
  m_SourcePrefab: {fileID: 100100000, guid: 6765f00f128c9bcffa8f272bb77cf82b, type: 3}
--- !u!4 &2249099273400234471 stripped
Transform:
  m_CorrespondingSourceObject: {fileID: 2249099272639720148, guid: 6765f00f128c9bcffa8f272bb77cf82b, type: 3}
  m_PrefabInstance: {fileID: 1037802291}
  m_PrefabAsset: {fileID: 0}
--- !u!1001 &2683564263602359265
PrefabInstance:
  m_ObjectHideFlags: 0
  serializedVersion: 2
  m_Modification:
    m_TransformParent: {fileID: 1825662378984744140}
    m_Modifications:
    - target: {fileID: -8679921383154817045, guid: 5cecb8cf8a92d8205b35cd93f63f214a, type: 3}
      propertyPath: m_RootOrder
      value: 0
      objectReference: {fileID: 0}
    - target: {fileID: -8679921383154817045, guid: 5cecb8cf8a92d8205b35cd93f63f214a, type: 3}
      propertyPath: m_LocalScale.x
      value: 600
      objectReference: {fileID: 0}
    - target: {fileID: -8679921383154817045, guid: 5cecb8cf8a92d8205b35cd93f63f214a, type: 3}
      propertyPath: m_LocalScale.y
      value: 600
      objectReference: {fileID: 0}
    - target: {fileID: -8679921383154817045, guid: 5cecb8cf8a92d8205b35cd93f63f214a, type: 3}
      propertyPath: m_LocalScale.z
      value: 300
      objectReference: {fileID: 0}
    - target: {fileID: -8679921383154817045, guid: 5cecb8cf8a92d8205b35cd93f63f214a, type: 3}
      propertyPath: m_LocalPosition.x
      value: 0
      objectReference: {fileID: 0}
    - target: {fileID: -8679921383154817045, guid: 5cecb8cf8a92d8205b35cd93f63f214a, type: 3}
      propertyPath: m_LocalPosition.y
      value: -2.28
      objectReference: {fileID: 0}
    - target: {fileID: -8679921383154817045, guid: 5cecb8cf8a92d8205b35cd93f63f214a, type: 3}
      propertyPath: m_LocalPosition.z
      value: 0
      objectReference: {fileID: 0}
    - target: {fileID: -8679921383154817045, guid: 5cecb8cf8a92d8205b35cd93f63f214a, type: 3}
      propertyPath: m_LocalRotation.w
      value: 0.7071068
      objectReference: {fileID: 0}
    - target: {fileID: -8679921383154817045, guid: 5cecb8cf8a92d8205b35cd93f63f214a, type: 3}
      propertyPath: m_LocalRotation.x
      value: -0.7071068
      objectReference: {fileID: 0}
    - target: {fileID: -8679921383154817045, guid: 5cecb8cf8a92d8205b35cd93f63f214a, type: 3}
      propertyPath: m_LocalRotation.y
      value: -0.000000030908623
      objectReference: {fileID: 0}
    - target: {fileID: -8679921383154817045, guid: 5cecb8cf8a92d8205b35cd93f63f214a, type: 3}
      propertyPath: m_LocalRotation.z
      value: 0.000000030908623
      objectReference: {fileID: 0}
    - target: {fileID: -8679921383154817045, guid: 5cecb8cf8a92d8205b35cd93f63f214a, type: 3}
      propertyPath: m_LocalEulerAnglesHint.x
      value: 0
      objectReference: {fileID: 0}
    - target: {fileID: -8679921383154817045, guid: 5cecb8cf8a92d8205b35cd93f63f214a, type: 3}
      propertyPath: m_LocalEulerAnglesHint.y
      value: 0
      objectReference: {fileID: 0}
    - target: {fileID: -8679921383154817045, guid: 5cecb8cf8a92d8205b35cd93f63f214a, type: 3}
      propertyPath: m_LocalEulerAnglesHint.z
      value: 0
      objectReference: {fileID: 0}
    - target: {fileID: -7511558181221131132, guid: 5cecb8cf8a92d8205b35cd93f63f214a, type: 3}
      propertyPath: m_Materials.Array.data[0]
      value: 
      objectReference: {fileID: 2100000, guid: b6bcbfbca0e95e721a7509169098a72b, type: 2}
    - target: {fileID: -7511558181221131132, guid: 5cecb8cf8a92d8205b35cd93f63f214a, type: 3}
      propertyPath: m_Materials.Array.data[1]
      value: 
      objectReference: {fileID: 2100000, guid: 11e5c02297868bfcd807e7546307c320, type: 2}
    - target: {fileID: 919132149155446097, guid: 5cecb8cf8a92d8205b35cd93f63f214a, type: 3}
      propertyPath: m_Name
      value: ufo
      objectReference: {fileID: 0}
    m_RemovedComponents: []
  m_SourcePrefab: {fileID: 100100000, guid: 5cecb8cf8a92d8205b35cd93f63f214a, type: 3}
--- !u!4 &2501562709201316874 stripped
Transform:
  m_CorrespondingSourceObject: {fileID: -8679921383154817045, guid: 5cecb8cf8a92d8205b35cd93f63f214a, type: 3}
  m_PrefabInstance: {fileID: 2683564263602359265}
  m_PrefabAsset: {fileID: 0}
